@online{bravo,
    author    = "Compound",
    title     = "Compound Bravo",
    url       = "https://docs.compound.finance/v2/governance/#governor-bravo",
    keywords  = "on-chain,governance"
}

@online{cog,
    author    = "Replicate",
    title     = "Cog",
    url       = "https://github.com/replicate/cog",
    keywords  = "machine learning, containers"
}


@online{stablediffusion,
    author    = "CompViz",
    title     = "Stable Diffusion",
    url       = "https://github.com/CompVis/stable-diffusion",
    keywords  = "diffusion,art"
}

@misc{benet2014ipfs,
      title={IPFS - Content Addressed, Versioned, P2P File System}, 
      author={Juan Benet},
      year={2014},
      eprint={1407.3561},
      archivePrefix={arXiv},
      primaryClass={cs.NI}
}

@misc{bitcoin,
      title={Bitcoin: A Peer-to-Peer Electronic Cash System}, 
      author={Satoshi Nakamoto},
      year={2008},
      note={\url{https://bitcoin.org/bitcoin.pdf}}
}

@misc{arbitrumnitro,
      title={Arbitrum Nitro: A Second-Generation Optimistic Rollup}, 
      author={Offchain Labs, Inc.},
      year={2022},
      note={\url{https://github.com/OffchainLabs/nitro/raw/master/docs/Nitro-whitepaper.pdf}}
}
